@Book{unix_philosophy,
  title     = "The art of {UNIX} programming",
  author    = "Raymond, Eric S",
  publisher = "Addison-Wesley Educational",
  series    = "Addison-Wesley professional computing series",
  month     =  sep,
  year      =  2003,
  address   = "Boston, MA",
  pagetotal = {560},
  language  = "en"
}

@online{git-annex,
  title = {git-annex : [project]},
  journal = {Branchable : [web platform]},
  url = {https://git-annex.branchable.com/},
  urldate = {2023-12-08},
}

@online{rust_doc_book,
  title = {The Rust Programming Language : [documentation]},
  url = {https://doc.rust-lang.org/book/},
  urldate = {2024-04-26},
}
